<record><leader>00000cas a22000007a 4500</leader><controlfield tag="001">17022717</controlfield><controlfield tag="008">871124c19109999iauwr ne      0    0eng d</controlfield><datafield ind1=" " ind2=" " tag="010"><subfield code="a">sn 87058633 </subfield></datafield><datafield ind1=" " ind2=" " tag="040"><subfield code="a">INP</subfield><subfield code="b">eng</subfield><subfield code="c">INP</subfield><subfield code="d">OCLCQ</subfield></datafield><datafield ind1=" " ind2=" " tag="042"><subfield code="a">msc</subfield></datafield><datafield ind1="0" ind2=" " tag="130"><subfield code="a">Lake View resort (Lake View, Iowa : 1910)</subfield></datafield><datafield ind1="1" ind2="0" tag="245"><subfield code="a">Lake View resort.</subfield></datafield><datafield ind1=" " ind2=" " tag="260"><subfield code="a">Lake View, Iowa :</subfield><subfield code="b">L.M. Rodgers,</subfield><subfield code="c">1910-</subfield></datafield><datafield ind1=" " ind2=" " tag="300"><subfield code="a">v.</subfield></datafield><datafield ind1=" " ind2=" " tag="310"><subfield code="a">Weekly</subfield></datafield><datafield ind1="0" ind2=" " tag="362"><subfield code="a">Vol. 21, no. 41 (Feb. 3, 1910)-</subfield></datafield><datafield ind1=" " ind2=" " tag="500"><subfield code="a">Publisher varies.</subfield></datafield><datafield ind1=" " ind2=" " tag="515"><subfield code="a">Vol. 21, no. 41 (Feb. 3, 1910)-&lt;v. 29, no. 26 (Oct. 10, 1918)&gt; called also whole no. 1081-&lt;1535&gt;.</subfield></datafield><datafield ind1=" " ind2=" " tag="752"><subfield code="a">United States</subfield><subfield code="b">Iowa</subfield><subfield code="c">Sac</subfield><subfield code="d">Lake View.</subfield></datafield><datafield ind1="0" ind2="0" tag="780"><subfield code="t">Lake View Argus</subfield><subfield code="w">(DLC)sn 87058632</subfield></datafield></record>